\item Automatic Generation of Test Scripts from Formal Test
%Specifications, Marc J. Balcer, William M. Hasling and Thomas
		  J. Ostrand.
%%TR93-32 -- end of 1995
%%%%%%%%%%%%%%%%%%%%%%%%%%%%%%%%%%%%%%%%%%%%%%%%%%%%%%%%%%%%%%%%%%%%%%%%%%
%Updated 12/11/95 - perptest.bib included
%%%%%%%%%%%%%%%%%%%%%%%%%%%%%%%%%%%%%%%%%%%%%%%%%%%%%%%%%%%%%%%%%%%%%%%%%%%
%%%%%%%%%%%%%%%%%%%%%%%%%%%%%%%%%%%%%%%%%%%%%%%%%%%%%%%%%%%%%%%%%%%%%%%%%%%
@string{ACTA="Acta Informatica"}
@string{AFIPS="AFIPS"}
@string{ALLERTON="Allerton Conference on Communication, Control, and Computing"}
@string{CACM="Communications of the ACM"}
@string{COMP="Computer"}
@string{COMPSUR="Computing Surveys"}
@string{CU/CS = "University of Colorado, Department of Computer Science"}
@string{BCO = "Boulder, Colorado  80309"}
@string{DEBUGWS="ACM SIGPLAN and SIGOPS Workshop on Parallel and Distributed
	Debugging"}
@string{FOCS="Conference on Foundations of Computer Science"}
@string{ICPP="International Conference on Parallel Processing"}
@string{ICDCS="International Conference on Distributed Computing Systems"}
@string{ICSE11 = "Proceedings of the Eleventhth International Conference on
	Software Engineering"}
@string{ICSE13 = "Proceedings of the Thirteenthth International Conference on
	Software Engineering"}
@string{ICSE13-note = "Austin Texas, May 13--17, 1991"}
@string{ICSE15 = "Proceedings of the Fifteenth International Conference on
	Software Engineering"}
@string{ICSP1 = "Proceedings of the First International Conference on the
	Software Process"}
@string{RBCA = "Redondo Beach, California, October, 1991"}
@string{ICSP2 = "Proceedings of the Second International Conference on the
	Software Process"}
@string{ISPW4 = "Proceedings of the Fourth International Software Process
	Workshop"}
@string{ISPW4-note = "ACM SIGSOFT Software Engineering Notes, v. 14, n. 4,
	June 1989"}
@string{ISPW5 = "5th International Software Process Workshop -- Preprints"}
@string{ISPW6 = "6th International Software Process Workshop -- Preprints"}
@string{HJPN = "Hakodate, Japan, October, 1990"}
@string{ISPW7 = "Proceedings 7th International Software Process Workshop"}
@string{YCA = "Yountville, California, October, 1991"}
@string{JCSS="Journal of Computer and Systems Sciences"}
@string{JPDC="Journal of Parallel and Distributed Computing"}
@string{KME = "Kennebunkport, Maine, October, 1989"}
@string{LNCS="Lecture Notes in Computer Science"}
@string{MDUK = "Moretonhampstead, Devon, U.K., May, 1988"}
@string{PARALLEL="Parallel Computing"}
@string{PODC="ACM Symposium on Principles of Distributed Computing"}
@string{POPL="Proceedings of Principles of Programming Languages"}
@string{PPOPP="ACM SIGPLAN Symposium on Principles \& Practice of Parallel
	Programming"}
@string{SDE4 = "Proceedings of the Fourth ACM SIGSOFT Symposium on Practical
	Software Development Environments"}
@string{SDE5 = "Proceedings of the Fourth ACM SIGSOFT Symposium on
	Software Development Environments"}
@string{SIAMJA="SIAM Journal of Algorithms"}
@string{SIAMJC="SIAM Journal of Computing"}
@string{SIGPLAN="SIGPLAN Notices"}
@string{SOFT="IEEE Software"}
@string{SOFTENGNOTES="SIGSOFT Software Engineering Notices"}
@string{SPE="Software Practice and Experience"}
@string{STOC="Symposium on the Theory of Computing"}
@string{TCS="Theoretical Computer Science"}
@string{TOC="IEEE Transactions on Computers"}
@string{TOCS="ACM Transactions on Computer Systems"}
@string{TOPLAS="ACM Transactions on Programming Languages and Systems"}
@string{TOSE="IEEE Transactions on Software Engineering"}
@string{UMASS="Computer Science Department, University of Massachusetts
	at Amherst"}
@string{VLDB= "The Very Large Database Journal"}
@string{WSEE-PITL = "Proceedings Workshop on Software Engineering Environments for
	Programming-in-the-Large"}
@string{HMA = "Harwichport, Massachusetts, June, 1985"}
@string{WSCADDB = "Proceedings 1989 ACM SIGMOD Workshop on Software CAD Databases"}
@string{NCA = "Napa, California, February"}
@String{ICSE = "International Conference on Software Engineering"}
@String{ICSE00 = PROC # "22nd " # ICSE # " (ICSE)"}
@String{MIT-P = "The MIT Press, Cambridge, MA"}
@String{SOSP = "ACM Symposium on Operating Systems Principles"}
@String{SOSP99 = PROC # "17th " # SOSP # " (SOSP)"}

@article{Xuan-270,
  author    = "Ping Xuan and Victor Lesser and Shlomo Zilberstein",
  title     = "{Modeling Cooperative Multiagent Problem Solving as
               Decentralized Decision Processes}",
  journal   = "Autonomous Agents and Multi-Agent Systems",
  year      = "2004",
  url       = "http://mas.cs.umass.edu/paper/270",
}

@Book{Weiss1999,
editor = "Gerhard Weiss",
title = "{Multiagent systems : a modern approach to distributed artificial intelligence}",
publisher = "MIT Press",
address = "Cambridge, Mass.",
year = "1999",

}

@article{Decker-30,
  author    = "K. Decker and V. Lesser",
  title     = "{Designing a Family of Coordination Algorithms}",
  journal   = "Proceedings of the First International Conference
               on Multi-Agent Systems (ICMAS-95)",
  publisher = "AAAI Press",
  pages     = "73-80",
  month     = "January",
  year      = "1995",
  url       = "http://mas.cs.umass.edu/paper/30",
}

@article{Sandholm-63,
  author    = "T. Sandholm and V. Lesser",
  title     = "{Issues in Automated Negotiation and Electronic
               Commerce: Extending the Contract Net Framework}",
  journal   = "First International Conference on Multi-Agent
               Systems (ICMAS-95)",
  pages     = "328-335",
  month     = "January",
  year      = "1995",
  address   = "San Francisco, CA",
  url       = "http://mas.cs.umass.edu/paper/63",
}

@incollection{Smith88,
  AUTHOR = {R. G. Smith},
  TITLE = {The Contract Net Protocol: High-Level Communication and Control in a Distributed Problem SoLver},
  YEAR = 1988,
  BOOKTITLE = {Readings in Distributed Artificial Intelligence},
  EDITOR = {A. H. Bond and L. Gasser},
  PUBLISHER = {Kaufmann},
  ADDRESS = {San Mateo, CA},
  PAGES = {357-366},
  KEYWORDS = {}}

@incollection{Sycara_2003_4497,
   author = "Katia Sycara and Joseph Andrew Giampapa and Brent K Langley and Massimo Paolucci",
   editor = {Alessandro Garcia and Carlos Lucena and Franco Zambonelli and Andrea Omici and Jaelson Castro},
   title = "The RETSINA MAS, a Case Study",
   booktitle = "Software Engineering for Large-Scale Multi-Agent Systems: Research Issues and Practical Applications",
   pages = "232--250",
   publisher = "Springer-Verlag",
   address = "Berlin Heidelberg",
   month = "July",
   year = "2003",
   volume = "LNCS 2603"
}

@article{Moehlman-51,
  author    = "T. Moehlman and V. Lesser and B. Buteau",
  title     = "{Decentralized Negotiation: An Approach to the
               Distributed Planning Problem}",
  journal   = "Group Decision and Negotiation",
  volume    = "1",
  number    = "2",
  publisher = "K. Sycara (ed.), Norwell, MA: Kluwer Academic Publishers",
  pages     = "161-192",
  month     = "January",
  year      = "1992",
  url       = "http://mas.cs.umass.edu/paper/51",
}

@incollection{Conry:88,
  AUTHOR = {S. E. Conry and R. A. Meyer and V. R. Lesser},
  TITLE = {Multistage Negotiation in Distributed Planning},
  YEAR = 1988,
  BOOKTITLE = {Readings in Distributed Artificial Intelligence},
  EDITOR = {A. H. Bond and L. Gasser},
  PUBLISHER = {Kaufmann},
  ADDRESS = {San Mateo, CA},
  PAGES = {367-384},
  KEYWORDS = {}}

@article{GrahamDM03,
  author    = {John R. Graham and
               Keith Decker and
               Michael Mersic},
  title     = {DECAF - A Flexible Multi Agent System Architecture.},
  journal   = {Autonomous Agents and Multi-Agent Systems},
  volume    = {7},
  number    = {1-2},
  year      = {2003},
  pages     = {7-27},
  ee        = {http://dx.doi.org/10.1023/A:1024120703127},
  bibsource = {DBLP, http://dblp.uni-trier.de}
}


@incollection{Kraus-89,
  AUTHOR = {S. Kraus and D. Lehmann},
  TITLE = {Using Interacting Goal-Processes for Automated Negotiation},
  YEAR = 1989,
  BOOKTITLE = {Methodologies for Intelligent Systems, 4: Proc.\ of the Fourth International Symposium on Methodologies for Intelligent Systems},
  EDITOR = {Z. W. Ras},
  PUBLISHER = {North-Holland},
  ADDRESS = {New York},
  PAGES = {209-219},
  KEYWORDS = {}}

@inproceedings{WooldridgeFHP02,
  author    = {Michael Wooldridge and
               Michael Fisher and
               Marc-Philippe Huget and
               Simon Parsons},
  title     = {Model checking multi-agent systems with MABLE.},
  booktitle = {AAMAS},
  year      = {2002},
  pages     = {952-959},
  ee        = {http://doi.acm.org/10.1145/544862.544965},

  bibsource = {DBLP, http://dblp.uni-trier.de}
}

@inproceedings{KacprzakLP04,
  author    = {Magdalena Kacprzak and
               Alessio Lomuscio and
               Wojciech Penczek},
  title     = {Verification of Multiagent Systems via Unbounded Model Checking.},
  booktitle = {AAMAS},
  year      = {2004},
  pages     = {638-645},
  ee        = {http://csdl.computer.org/comp/proceedings/aamas/2004/2092/02/20920638abs.htm},
    bibsource = {DBLP, http://dblp.uni-trier.de}
}

@article{AlurHK02,
  author    = {Rajeev Alur and
               Thomas A. Henzinger and
               Orna Kupferman},
  title     = {Alternating-time temporal logic.},
  journal   = {J. ACM},
  volume    = {49},
  number    = {5},
  year      = {2002},
  pages     = {672-713},
  ee        = {http://doi.acm.org/10.1145/585265.585270},
  bibsource = {DBLP, http://dblp.uni-trier.de}
}

@InProceedings{Gans2002SNet,
   AUTHOR = {Gunter Gans and Matthias Jarke and Gerhard Lakemeyer and Thomas Vits},
   TITLE = {{SNet}: A Modeling and Simulation Environment for Agent Networks Based on {i*} and {ConGolog}},
   BOOKTITLE = {CAiSE02},
   PAGES = {328--343},
   YEAR = {2002},
   MONTH = {May},
   PUBLISHER = {Springer},
   ADDRESS = {Canada, Toronto}
}

@article{Lomazova01,
  author    = {Irina A. Lomazova},
  title     = {Nested Petri Nets: Multi-level and Recursive Systems.},
  journal   = {Fundam. Inform.},
  volume    = {47},
  number    = {3-4},
  year      = {2001},
  pages     = {283-293},
  bibsource = {DBLP, http://dblp.uni-trier.de}
}

@article{Lomazova00,
  author    = {Irina A. Lomazova},
  title     = {Nested Petri Nets - a Formalism for Specification and Verification
               of Multi-Agent Distributed Systems.},
  journal   = {Fundam. Inform.},
  volume    = {43},
  number    = {1-4},
  year      = {2000},
  pages     = {195-214},
  bibsource = {DBLP, http://dblp.uni-trier.de}
}

@inproceedings{HuW98,
  author    = {Junling Hu and
               Michael P. Wellman},
  title     = {Multiagent Reinforcement Learning: Theoretical Framework
               and an Algorithm.},
  booktitle = {ICML},
  year      = {1998},
  pages     = {242-250},

  bibsource = {DBLP, http://dblp.uni-trier.de}
}

@article{PynadathT02_2,
  author    = {David V. Pynadath and
               Milind Tambe},
  title     = {The Communicative Multiagent Team Decision Problem: Analyzing
               Teamwork Theories and Models.},
  journal   = {J. Artif. Intell. Res. (JAIR)},
  volume    = {16},
  year      = {2002},
  pages     = {389-423},
  ee        = {http://www.cs.washington.edu/research/jair/abstracts/pynadath02a.html},
  bibsource = {DBLP, http://dblp.uni-trier.de}
}

@inproceedings{PynadathT02,
  author    = {David V. Pynadath and
               Milind Tambe},
  title     = {Multiagent teamwork: analyzing the optimality and complexity
               of key theories and models.},
  booktitle = {AAMAS},
  year      = {2002},
  pages     = {873-880},
  ee        = {http://doi.acm.org/10.1145/544862.544946},
    bibsource = {DBLP, http://dblp.uni-trier.de}
}


@techreport{shoham:03,
        author = "Yoav Shoham and Rob Powers and Trond Genager",
        title = "{Multi-Agent Reinforcement Learning: a critical survey}",
        type = "Technical Report",
        institution = "Stanford University",
        address = "Stanford, CA 94305",

        year = "2003"
}


@INPROCEEDINGS{littman94,
AUTHOR = {Michael L. Littman},
TITLE = {Markov games as a framework for multi-agent reinforcement learning},
BOOKTITLE = {Proc. 11th Int. Conf. on Machine Learning (ML-94)},
ADDRESS = {New Brunswick (NJ, USA)},
PAGE = {157-163},
YEAR = {1994}
}

@INPROCEEDINGS{abrah:03,
     AUTHOR = {Pekka Abrahamsson and Juhani Warsta and Mikko T. Siponen and Jussi Ronkainen},
     TITLE = "{New Directions on Agile Methods: A Comparative Analysis.}",
     BOOKTITLE = "{Proceedings of the 25th International Conference on Software Engineering (ICSE 2003), Portland, USA}",
     PAGES = "244--254",
     MONTH = "May",
     YEAR = 2003 }

@techreport{allen:97,
        author = "R.J. Allen",
        title = "{A Formal Approach to Software Architecture}",
        type = "Technical Report",
        institution = "Carnegie Mellon University",
        number = "CMU--CS--97--144",
        year = "1997"
}

@INPROCEEDINGS{band:93a,
     AUTHOR = "Bandinelli, Sergio and Fuggetta, Alfonso and Grigolli,
               Sandro",
     TITLE = "{Process Modeling in-the-large with SLANG}",
     BOOKTITLE = "{Proceedings of the Second International Conference on the
	Software Process, Berlin, Germany}",
     PAGES = "75--83",
     MONTH = "February",
     YEAR = "1993"
}

@INCOLLECTION{band:94a,
     AUTHOR = {Sergio Bandinelli and Alfonso Fuggetta and Carlo Ghezzi and
               Luigi Lavazza},
     TITLE = "{SPADE:  An Environment for Software Process Analysis, Design,
              and Enactment}",
     BOOKTITLE = {Software Process Modelling and Technology},
     PUBLISHER = {Research Studies Press, Ltd.},
     YEAR = {1994},
     EDITOR = {Anthony Finkelstein and Jeff Kramer and Bashar Nuseibeh},
     CHAPTER = {9},
     PAGES = {223--248},
     ADDRESS = {Taunton, Somerset, England}
}
@misc{ben-shaul94oz,
  author = "I. Ben-Shaul",
  title = "Oz: A Decentralized Process Centered Environment",
  text = "Israel Z. Ben-Shaul. Oz: A Decentralized Process Centered Environment.
    Technical Report CUCS-024-94, Columbia University Department of Computer
    Science, December 1994. PhD Thesis.",
  year = "1994" }
@techreport{brink:92,
        author = "Geert van den Goor, Shuguang Hong, Sjaak
Brinkkemper",
        title = "{A Comparison of Six Object-Oriented Analysis
                and Design Methods}",
        type = "Technical Report",
        institution = "University of Twente",
        address = "Enschede, the Netherlands",
        year = "1992"
}

@article{booc:86,
	author = "Grady~Booch",
	title = "{Object-Oriented Development}",
	journal = "{IEEE Transactions on Software Engineering}",
	year = "1986",
	month = "February",
	pages = "211--221",
	volume = "SE-12",
	number = "2"
}
@INPROCEEDINGS{caas:00,
     AUTHOR = "Aaron G. Cass and Barbara Staudt Lerner and Eric K. McCall and Leon J. Osterweil and {Sutton, Jr.}, Stanley M. and Alexander Wise",
     TITLE = "{Little-JIL/Juliette: A Process Definition Language and Interpreter}",
     BOOKTITLE = "{Proceedings of the 22nd International Conference on Software Engineering (ICSE 2000), Limerick, Ireland}",
     PAGES = "754--757",
     MONTH = "June",
     YEAR = 2000 }
@article{came:86,
	author = "John R.~Cameron",
	title = "{An Overview of JSD}",
	journal = "{IEEE Transactions on Software Engineering}",
	year = "1986",
	month = "February",
	pages = "222--240",
	volume = "SE-12",
	number = "2"
}
@INCOLLECTION{cana:94,
     AUTHOR = {G.Canals and N.Boudjlida and J.-C.Derniame and C.Godart and J.Lonchamp},
     TITLE = "{ALF: A framework for building process-centered software engineering environments}",
     BOOKTITLE = {Software Process Modelling and Technology},
     PUBLISHER = {Research Studies Press, Ltd.},
     YEAR = {1994},
     EDITOR = {Anthony Finkelstein and Jeff Kramer and Bashar Nuseibeh},
     PAGES = {153--185},
     ADDRESS = {Taunton, Somerset, England}
}
@article{clem:96,
	author = "P. C.~Clements",
	title = "{A Survey of Architecture Description Languages}",
	journal = "{8th Int'l Workshop Software Specification and Design}",
	year = "1996",
	month = "March"
}

@INCOLLECTION{cobl:00,
     AUTHOR = "Jamieson M. Cobleigh and Lori A. Clarke and Leon J. Osterweil",
     TITLE = "{Verifying Properties of Process Definitions}",
     BOOKTITLE = "{Proceedings of the ACM Sigsoft 2000 International Symposium on Software Testing and Analysis (ISSTA 2000)}",
     PAGES = "96--101",
     MONTH = "August",
     YEAR = "2000",
     ADDRESS = "Portland, OR"
}

@article{cook:98a,
	author = "Jonathan E.~Cook and Lawrence G.~Votta and Alexander L.~Wolf",
	title = "{Cost-Effective Analysis of In-Place Software Processes}",
	journal = "{IEEE Transactions on Software Engineering}",
	year = "1998",
        month = "August",
	pages = "650--663",
	volume = "SE-24",
	number = "8"
}
@article{cook:98b,
	author = "Jonathan E.~Cook and Alexander L. Wolf",
	title = "{Discovering Models of Software Processes from Event-Based Data}",
	journal = "{ACM} Transactions on Software Engineering and
		Methodology",
	year = "1998",
	month = "July",
	pages = "215--249",
        volume = "7",
	number = "3"
}
@article{cook:99,
	author = "Jonathan E.~Cook and Alexander L. Wolf",
	title = "{Software Process Validation: Quantitatively Measuring the Correspondence of a Process to a Model}",
	journal = "{ACM} Transactions on Software Engineering and
		Methodology",
	year = "1999",
	month = "April",
	pages = "147--176",
        volume = "8",
	number = "2"
}
@inproceedings{estub:97,
	author = "J.Estublier and S.Dami and A.Amiour",
	title = "{APEL: A graphical yet executable formalism for process modelling}",
	booktitle = "Automated Software Engineering",
        month = "March",
	year = "1997"
}
@inproceedings{fern:93,
	author = {C.Fernstr\"{o}m},
	title = "{PROCESS WEAVER: Adding process support to UNIX}",
	booktitle = "The Second International Conference on the Software Process",
	pages = "12--26",
	year = "1993"
}

@techreport{dimitr2:99,
        author = "D.Georgakopoulos and H.Schuster and A.Cichocki and D.Baker",
        title = "Collaboration Management Infrastructure in Crisis Response Situations",
        type = "Technical Report CMI-009-99",
        institution = "Microelectronics and Computer Technology Corporation",
        year = "1999"
}

@inproceedings{dimitr:99,
    author = "D.Baker and A.R.Cassandra and H.Schuster and D.Georgakopoulos and A.Cichocki",
    title = "Providing Customized Process and Situation Awareness in the Collaboration Management Infrastructure",
    booktitle = "Proceedings of the~4th~IFCIS Conference on Cooperative Information Systems (CoopIS'99)",
    year = "1999" }

@inproceedings{dimitr:00,
    author = "Dimitrios Georgakopoulos and Hans Schuster and Donald Baker and Andrzej Cichocki",
    title = "Managing Escalation of Collaboration Processes in Crisis Mitigation Situations",
    booktitle = "Proceedings of the~16th~International Conference on Data Engineering (ICDE'2000)",
    year = "2000" }


@inproceedings{ heimann96dynamite,
    author = "Peter Heimann and Gregor Joeris and Carl-Arndt Krapp and Bernhard Westfechtel",
    title = "{DYNAMITE}: Dynamic task nets for software process management",
    booktitle = "Proceedings of the~18th~International Conference on Software Engineering",
    publisher = "IEEE Computer Society Press",
    pages = "331--341",
    year = "1996",
    url = "citeseer.nj.nec.com/heimann96dynamite.html" }
@INCOLLECTION{junke:94,
     AUTHOR = {G.Junkermann and B.Peuschel and W.Sch\"{a}fer and S.Wolf},
     TITLE = "{MERLIN: Supporting cooperation in software development through a knowledge-based environment}",
     BOOKTITLE = {Software Process Modelling and Technology},
     PUBLISHER = {Research Studies Press, Ltd.},
     YEAR = {1994},
     EDITOR = {Anthony Finkelstein and Jeff Kramer and Bashar Nuseibeh},
     PAGES = {103--129},
     ADDRESS = {Taunton, Somerset, England}
}
% See later reference in ICSE11!
@inproceedings{kata:88a,
	author = "Takuya Katayama",
	title = "{A Hierarchical and Functional Approach to Software Process
		Description}",
	booktitle = ISPW4,
	pages = "87--92",
	editor = "Tully, Colin",
	year = "1988",
	address = MDUK,
	note = ISPW4-note
}

@inproceedings{kata:89a,
	author = "Takuya Katayama",
	title = "{A Hierarchical and Functional Software Process
	Description and its Enaction}",
	booktitle = "{Proceedings of the Eleventh International
                Conference of Software Engineering}",
	year = 1989,
	pages = "343--353"
}

@inproceedings{kata:91a,
	author = "Takuya Katayama and Sumio Motizuki",
	title = "{What Has Been Learned from Applying a Formal Process Model
		to a Real Process}",
	booktitle = ISPW7,
	year = "1991",
	note = "Yountville, California"
}
@article{kist:01,
	author = "Thomas~Kistler and Michael~Franz",
	title = "{Continuous Program Optimization: Design and Evaluation}",
	journal = "{IEEE Transactions on Computers}",
	year = "2001",
	month = "June",
	pages = "549--566",
	volume = "50",
	number = "6"
}
@inproceedings{nenad:96,
	author = "N. Medvidovic and R.N. Taylor and E.J. Whitehead Jr.",
	title = "{Formal Modeling of Software Architectures at Multiple Levels of Abstraction}",
	booktitle = "{Proceedings of the California Software Symposium}",
	year = "1996",
	month = "April",
	pages = "28--40",
        note = "Los Angeles, California"
}

@techreport{nenad:99,
        author = "Lei Ding and Nenad Medvidovic",
        title = "{Focus: A Light-Weight, Incremental Approach to Software Architecture Recovery and Evolution}",
        type = "Technical Report",
        institution = "Computer Science Department, University of
		Southern California",
        address = "Los Angeles, CA"
}

@article{nenad:00,
	author = "Nenad Medvidovic and Richard Taylor",
	title = "{A Classification and Comparison Framework for Software Architecture Description Languages}",
	journal = "{IEEE Transactions on Software Engineering}",
	year = "2000",
	month = "January",
	pages = "70--93",
	volume = "26",
	number = "1"
}
@INPROCEEDINGS{nent:01,
     AUTHOR = "C.~Nentwich and W.~Emmerich and A.~Finkelstein",
     TITLE = "{Static Consistency Checking for Distributed Specifications}",
     BOOKTITLE = "{Proceedings of Automated Software Engineering 2001, San Diego, USA}",
     YEAR = "2001"
}

@INPROCEEDINGS{nent:02,
     AUTHOR = "C.Nentwich and L.Capra and W.Emmerich and A.Finkelstein",
     TITLE = "xlinkit: a Consistency Checking and Smart Link Generation Service",
     BOOKTITLE = "ACM Transactions on Internet Technology, 2(2)",
     YEAR = "2002",
     month = "May",
     pages = "151--185"
}

@techreport{oste:86a,
        author = "Leon~J.~Osterweil",
        title = "{Software Process Interpretation and Software Environments}",
        type = "Technical Report",
        institution = "Department of Computer Science, University of
		Colorado",
        address = "Boulder, CO",
        number = "CU--CS--324--86",
        year = "1986",
	month ="April"
}

@techreport{oste:86b,
        author = "Leon~J.~Osterweil",
        title = "{A Process-Object Centered View of Software Environment
		Architecture}",
        type = "Technical Report",
        institution = "University of Colorado",
        address = "Boulder, Colorado",
        number = "CU--CS--332--86",
        year = "1986",
	month = "May"
}


@inproceedings{oste:86c,
	author = "Leon~J.~Osterweil",
	title =  "{A Process-Object Centered View of Software
		Environment Architecture}",
	booktitle = "Advanced Programming Environments",
	editor = "R. Conradi and T, Didriksen and D. Wanvik",
	address = "Trondheim",
	publisher = "Springer-Verlag",
	year = "1986",
	pages = "156--174"
}

@inproceedings{oste:87a,
	author = "Leon~J.~Osterweil",
	title = "{Software Processes are Software Too}",
	booktitle = "Proceedings of the Ninth International Conference of
		Software Engineering",
	address = "Monterey CA",
	year = "1987",
	month = "March",
	pages = "2--13"
}



@inproceedings{podo:97,
        author = "Rodion M. Podorozhny and Leon J. Osterweil",
        title = "{The Criticality of Modeling Formalisms in Software
        Design Method Comparison}",
        booktitle = "{Proceedings of the 19th International
                Conference of Software Engineering}",
        year = "1997",
        pages = "303--313"
}

@inproceedings{podo:98,
        author = "Rodion M. Podorozhny and Barbara Staudt Lerner and Leon J. Osterweil",
        title = "{Modeling Resources for Activity Coordination and Scheduling}",
        booktitle = "{Lecture Notes in Computer Science \#1594, Proceedings of Coordination 1999}",
        year = "1999",
        pages = "307--322"
}

@techreport{podo:99,
        author = "Rodion M. Podorozhny and Barbara Staudt Lerner and Leon J. Osterweil",
        title = "{A Rigorous Approach to Resource Management in Activity Coordination}",
        type = "Technical Report",
        institution = "University of Massachusetts",
        address = "Amherst, MA 01003",
        number = "UM-CS-1999-012",
        year = "1999"
}
@INPROCEEDINGS{podo:02,
     AUTHOR = "Rodion M. Podorozhny and Dewayne E. Perry",
     TITLE = "{A Multi-Agent Framework for an Architecting Process Environment: A Position Paper}",
     BOOKTITLE = "{Proceedings of 1st International Workshop on Software Engineering for Large-Scale Multi-Agent Systems 2002, Orlando, USA}",
     YEAR = "2002"
}
@inproceedings{zhang:00,
        author = "XiaoQin Zhang and Rodion M. Podorozhny and Victor Lesser",
        title = "{Cooperative, MultiStep Negotiation Over a Multi-Dimensional Utility Function}",
        booktitle = "{Proceedings of the IASTED International Conference on Artificial Intelligence and Soft Computing (ASC 2000)}",
        year = "2000",
        pages = "136--142"
}

@techreport{barb:00,
        author = "Barbara Staudt Lerner and Anoop George Ninan and Leon J. Osterweil and Rodion M. Podorozhny",
        title = "{Modeling and Managing Resource Utilization in Process, Workflow, and Activity Coordination}",
        type = "Technical Report",
        institution = "University of Massachusetts",
        address = "Amherst, MA 01003",
        number = "UM-CS-2000-058",
        year = "2000"
}

@techreport{song:91,
        author = "Xiping Song and Leon J. Osterweil",
        title = "{The Models of the Design Methodologies}",
        type = "Technical Report",
        institution = "University of California, Irvine",
        address = "Irvine, CA 92717",
        number = "UCI--91--19",
        year = "1991"
}


@article{song:92,
	author = "Xiping Song and Leon Osterweil",
	title = "{Toward Objective, Systematic Design-Method Comparisons}",
	journal = "{IEEE Software}",
	year = "1992",
	month = "May",
	pages = "43--53"
}

@techreport{song:94a,
        author = "Xiping Song and Leon J. Osterweil",
        title = "{Engineering Software Design Processes to Guide Process
		Execution,}",
        institution = "University of Massachusetts, Computer Science Department",
        address = "Amherst, MA",
        number = "TR--94--23",
	month = "February",
        year = "1994",
	note = "Appendix accepted and published in Preprints of the
		Eighth International Software Proces Workshop"
}

@article{song:94b,
       author = "Xiping Song and Leon J. Osterweil",
       title  = "Experience with an Approach to Comparing Software Design
                 Methodologies",
       journal = "{IEEE Transactions on Software Engineering}",
       year = "1994",
       month = "May",
       volume = "20",
       number = "5",
       pages = "364--384"
}

@article{sutt:95,
	author = "Sutton, Jr., Stanley M. and Heimbigner, Dennis and
		Osterweil, Leon J.",
	title = "{{APPL/A:} A Language for Software-Process Programming}",
	journal = "{ACM} Transactions on Software Engineering and
		Methodology",
	year = "1995",
	month = "July",
	pages = "221-286",
        volume = "4",
	number = "3"
}


@inproceedings{sutton97a,
author = "{Sutton, Jr.}, Stanley M. and Osterweil, Leon J.",
title = "The Design of a Next-Generation Process Language",
booktitle = "Proceedings of the Joint 6th European Software Engineering
        Conference and the 5th {ACM SIGSOFT} Symposium on the
        Foundations of Software Engineering",
publisher = "Springer-Verlag",
year = 1997,
pages = "142--158"
}
@article{tip:95,
	author = "Frank~Tip",
	title = "{A survey of program slicing techniques}",
	journal = "{Journal of Programming Languages}",
	year = "1995",
	month = "March",
	pages = "121--189",
	volume = "3",
}
@techreport{wise:98,
        title   = "{Little-JIL 1.0 Language Report}",
        author  = "A. Wise",
        institution = "Department of Computer Science, University of Massachusetts at Amherst",
        type    = "Technical Report 98-24",
        year    = "1998",
}
@INPROCEEDINGS{wolf:93,
     AUTHOR = {Alexander L. Wolf and David S. Rosenblum},
     TITLE = "{A Study in Software Process Data Capture and Analysis}",
     BOOKTITLE = {ICSP 2 - 2nd International Conference on Software Process},
     YEAR = "1993",
     month = "February",
     pages = "115--124"
}

@inproceedings{AlechinaL05,
  author    = {Natasha Alechina and
               Brian Logan},
  title     = {Verifying Bounds on Deliberation Time in Multi-Agent Systems.},
  booktitle = {EUMAS},
  year      = {2005},
  pages     = {25-34}
}

@inproceedings{SchmidtS98,
  author    = {David A. Schmidt and
               Bernhard Steffen},
  title     = {Program Analysis {\it s} Model Checking of Abstract Interpretations.},
  booktitle = {SAS},
  year      = {1998},
  pages     = {351-380}
}

@article{Wagner-180,
  author    = "Thomas Wagner and Victor Lesser",
  title     = "{Design-to-Criteria Scheduling: Real-Time Agent
               Control}",
  journal   = "Proceedings of AAAI 2000 Spring Symposium on
               Real-Time Autonomous Systems",
  publisher = "A version also available as UMASS CS Tech Report 99-58",
  pages     = "89-96",
  month     = "March",
  year      = "2000",
  address   = "Stanford, CA",
  url       = "http://mas.cs.umass.edu/paper/180",
}

@inproceedings{Decker-159,
  author    = "Keith Decker",
  title     = "{TAEMS: A Framework for Environment Centered
               Analysis \& Design of Coordination Mechanisms}",
  booktitle = "Foundations of Distributed Artificial
               Intelligence, Chapter 16",
  publisher = "G. O'Hare and N. Jennings (eds.), Wiley Inter-Science",
  pages     = "429-448",
  month     = "January",
  year      = "1996",
  url       = "http://mas.cs.umass.edu/paper/159",
}

@article{hoek:02,
       author = "W. van der Hoek and M. Wooldridge",
       title  = "Model checking knowledge and time",
       journal = "{Proc. of the 9th Int. SPIN Workshop}",
       year = "2004",
       volume = "2318 of LNCS",
       pages = "95--111"
}

@article{wool:02,
       author = "M. Wooldridge and M. Fisher and M. Huget and S. Parsons",
       title  = "Model checking multiagent systems with MABLE",
       journal = "{International Conference on Autonomous Agents and Multi-Agent Systems}",
       year = "2002"
}

@Book{Jackson06SoftwareAbstractions,
  author =       {Daniel Jackson},
  title =        {Software Abstractions: Logic, Language and Analysis},
  publisher =    MIT-P,
  year =         2006
}

@InProceedings{JacksonETAL00ALCOA,
  author =       {Daniel Jackson and Ian Schechter and Ilya Shlyakhter},
  title =        {{ALCOA}: The {A}lloy Constraint Analyzer},
  booktitle =    ICSE00,
  year =         2000,
  address =      {Limerick, Ireland},
  month =        Jun
}

@InBook{jackson:_separ_concer_requir_analy,
  author =       {Daniel Jackson and Michael Jackson},
  editor =       {M. Butler and C. Jones and A. Romanovsky and E.Troubitsyna},
  title =        {Separating Concerns in Requirements Analysis: An Example},
  chapter =      {Rigorous development of complex fault tolerant systems},
  publisher =    {Springer-Verlag},
  note =         {(To appear)}
}

@MastersThesis{dennis03:_tsafe,
  author =       {Greg Dennis},
  title =        {{TSAFE}: Building a Trusted Computing Base for Air Traffic Control Software},
  school =       {Massachusetts Institute of Technology},
  year =         2003
}

@InProceedings{Adjie-WinotoETAL99IntentionalNamingSystem,
  Author =       {William Adjie-Winoto and Elliot Schwartz and Hari Balakrishnan and Jeremy Lilley},
  Title =        {The Design and Implementation of an Intentional Naming System},
  Booktitle =    SOSP99,
  Address =      {Kiawah Island},
  Month =        Dec,
  Year =         1999
}

@Book{Box98EssentialCOM,
  author = {D. Box},
  title = {Essential {COM}},
  publisher = {Addison Wesley},
  year = 1998
}

@article{Lesser-268,
  author    = "V. Lesser and K. Decker and T. Wagner and N.
               Carver and A. Garvey and B. Horling and D. Neiman
               and R. Podorozhny and M. Nagendra Prasad and A.
               Raja and R. Vincent and P. Xuan and X.Q. Zhang",
  title     = "{Evolution of the GPGP/TAEMS Domain-Independent
               Coordination Framework}",
  journal   = "Autonomous Agents and Multi-Agent Systems",
  volume    = "9",
  number    = "1",
  publisher = "Kluwer Academic Publishers",
  pages     = "87-143",
  month     = "July",
  year      = "2004",
  url       = "http://mas.cs.umass.edu/paper/268",
}

@article{Lesser-1,
  author    = "Victor Lesser",
  title     = "{Reflections on the Nature of Multi-Agent
               Coordination and Its Implications for an Agent
               Architecture}",
  journal   = "Autonomous Agents and Multi-Agent Systems",
  volume    = "1",
  publisher = "Kluwer Academic Publishers",
  pages     = "89-111",
  month     = "January",
  year      = "1998",
  url       = "http://mas.cs.umass.edu/paper/1"
}

@incollection{Horling-239,
  author    = "Bryan Horling and Roger Mailler and Jiaying Shen
               and Regis Vincent and Victor Lesser",
  title     = "{Using Autonomy, Organizational Design and
               Negotiation in a Distributed Sensor Network}",
  booktitle = "Distributed Sensor Networks: A multiagent
               perspective",
  editor    = "Victor Lesser and Charles Ortiz and Milind Tambe",
  publisher = "Kluwer Academic Publishers",
  pages     = "139-183",
  year      = "2003",
  url       = "http://mas.cs.umass.edu/paper/239"
}


@article{Horling-199,
  author    = "Bryan Horling and Regis Vincent and Roger Mailler
               and Jiaying Shen and Raphen Becker and Kyle
               Rawlins and Victor Lesser",
  title     = "{Distributed Sensor Network for Real Time Tracking}",
  journal   = "Proceedings of the 5th International Conference on
               Autonomous Agents",
  publisher = "ACM Press",
  pages     = "417-424",
  month     = "June",
  year      = "2001",
  address   = "Montreal",
  url       = "http://mas.cs.umass.edu/paper/199"
}

@article{Horling-243,
  author    = "Bryan Horling and Roger Mailler and Victor Lesser",
  title     = "{Farm: A Scalable Environment for Multi-Agent
               Development and Evaluation}",
  journal   = "Proceedings of the 2nd International Workshop on
               Software Engineering for Large-Scale Multi-Agent
               Systems (SELMAS 2003)",
  pages     = "171-177",
  month     = "May",
  year      = "2003",
  address   = "Portland, Oregon",
  url       = "http://mas.cs.umass.edu/paper/243"
}


@phdthesis{Horling-409,
  author    = "Bryan Horling",
  title     = "{Quantitative Organizational Modeling and Design
               for Multi-Agent Systems}",
  school    = "University of Massachusetts at Amherst",
  month     = "February",
  year      = "2006",
  url       = "http://mas.cs.umass.edu/paper/409"
}

@article{Wagner-203,
  author    = "Thomas Wagner and Bryan Horling",
  title     = "{The Struggle for Reuse and Domain Independence:
               Research with TAEMS, DTC and JAF}",
  journal   = "Proceedings of the 2nd Workshop on Infrastructure
               for Agents, MAS, and Scalable MAS (Agents 2001)",
  publisher = "AAAI",
  month     = "June",
  year      = "2001",
  address   = "Montreal, Canada",
  url       = "http://mas.cs.umass.edu/paper/203",
}

@inproceedings{Vincent-200,
  author    = "Regis Vincent and Bryan Horling and Victor Lesser",
  title     = "{An Agent Infrastructure to Build and Evaluate
               Multi-Agent Systems: The Java Agent Framework and
               Multi-Agent System Simulator}",
  booktitle = "Lecture Notes in Artificial Intelligence:
               Infrastructure for Agents, Multi-Agent Systems,
               and Scalable Multi-Agent Systems",
  volume    = "1887",
  publisher = "Wagner and Rana (eds.), Springer,",
  pages     = "102-127",
  month     = "January",
  year      = "2001",
  url       = "http://mas.cs.umass.edu/paper/200",
}

@article{Lesser-134,
  author    = "Victor Lesser and Michael Atighetchi and Brett
               Benyo and Bryan Horling and Anita Raja and Regis
               Vincent and Thomas Wagner and Xuan Ping and
               Shelley XQ Zhang",
  title     = "{The Intelligent Home Testbed}",
  journal   = "Proceedings of the Autonomy Control Software
               Workshop (Autonomous Agent Workshop)",
  month     = "January",
  year      = "1999",
  address   = "Seattle",
  url       = "http://mas.cs.umass.edu/paper/134",
}

@article{Horling-130,
  author    = "Bryan Horling and Victor Lesser",
  title     = "{Using Diagnosis to Learn Contextual Coordination
               Rules}",
  journal   = "Proceedings of the AAAI-99 Workshop on Reasoning
               in Context for AI Applications",
  publisher = "AAAI Press",
  pages     = "70-74",
  month     = "July",
  year      = "1999",
  address   = "Orlando, FL",
  url       = "http://mas.cs.umass.edu/paper/130",
}

@article{Horling-123,
  author    = "Bryan Horling and Victor Lesser and Regis Vincent
               and Ana Bazzan and Ping Xuan",
  title     = "{Diagnosis as an Integral Part of Multi-Agent
               Adaptability}",
  journal   = "Proceedings of DARPA Information Survivability
               Conference and Exposition",
  publisher = "IEEE Computer Society",
  pages     = "211-219",
  month     = "January",
  year      = "2000",
  address   = "Hilton Head, South Carolina",
  url       = "http://mas.cs.umass.edu/paper/123",
}

@inproceedings{EdwardsJTY04,
  author    = {Jonathan Edwards and
               Daniel Jackson and
               Emina Torlak and
               Vincent Yeung},
  title     = {Faster constraint solving with subtypes.},
  booktitle = {ISSTA},
  year      = {2004},
  pages     = {232-242}
}

@InProceedings{BeckerICSE06,
	author = {Basil Becker and Dirk Beyer and Holger Giese and Florian Klein and Daniela Schilling},
	title = {Symbolic Invariant Verification for Systems with Dynamic Structural Adaptation},
	booktitle = {Proceedings of the 28th International Conference on Software Engineering (ICSE~2006, Shanghai, May 20-28)},
	publisher = {ACM Press},
	pages = {72-81},
	year = {2006},
	isbn = {1-59593-375-1},
	keyword = {Software Model Checking}
}

@Unpublished{Al-Naffouri02GenerationRunChecksAlloySpecification,
  author =       {Basel Al-Naffouri},
  title =        {An Algorithm for Automatic Generation of Run-time
Checks from Alloy Specification},
  note =         {Advanced Undergraduate Project Report, Massachusetts
Institute of Technology},
  year =         2002
}

@Unpublished{kodkod,
  title =        {http://web.mit.edu/\~emina/www/kodkod.html},
  author =       {Emina Torlak},
  url       = "http://web.mit.edu/~emina/www/kodkod.html"
}

@Unpublished{jpf,
  title =        {http://babelfish.arc.nasa.gov/trac/jpf},
  url       = "http://babelfish.arc.nasa.gov/trac/jpf"
}

@PhdThesis{VaziriPhD03,
  author =       {Mandana Vaziri},
  title =        {Finding Bugs Using a Constraint Solver},
  school =       {Computer Science and Artificial Intelligence
Laboratory, Massachusetts Institute of Technology},
  year =         2004,
}

@ARTICLE{Bordini06verifyingmulti-agent,
    author = {Rafael H. Bordini and Michael Fisher and Willem Visser and Michael Wooldridge},
    title = {Verifying Multi-Agent Programs by Model Checking},
    journal = {Journal of Autonomous Agents and Multi-Agent Systems},
    year = {2006},
    volume = {12},
    pages = {2006}
}
@techreport{wise:98,
        title   = "{Little-JIL 1.0 Language Report}",
        author  = "A. Wise",
        institution = "Department of Computer Science, University of Massachusetts at Amherst",
        type    = "Technical Report 98-24",
        year    = "1998",
}
@MISC{PasareanuModelbased,
    author = {Corina S. Păsăreanu and Johann Schumann and Peter Mehlitz and Mike Lowry and Gabor Karsai and Harmon Nine and Eep Neema},
    title = {Model Based Analysis and Test Generation for Flight Software},
    year = {}
}
@INPROCEEDINGS{Agrawal04semantictranslation,
    author = {Aditya Agrawal and Gyula Simon and Gabor Karsai},
    title = {Semantic translation of Simulink/Stateflow models to hybrid automata using graph transformations},
    booktitle = {International Workshop on Graph Transformation and Visual Modeling Techniques},
    year = {2004},
    pages = {2004}
}
@inproceedings{Podorozhny07verificationof,
    author = {Rodion Podorozhny and Sarfraz Khurshid and Dewayne Perry and Xiaoqin Zhang},
    title = {Verification of multi-agent negotiations using the Alloy Analyzer},
    booktitle = {Integrated Formal Methods},
    year = {2007}
}
@inproceedings{KimL13,
  author    = {Yoonheui Kim and
               Victor R. Lesser},
  title     = {Improved max-sum algorithm for DCOP with n-ary constraints},
  booktitle = {AAMAS},
  year      = {2013},
  pages     = {191-198}
}
@article{RisiS12,
  author    = {Sebastian Risi and
               Kenneth O. Stanley},
  title     = {An Enhanced Hypercube-Based Encoding for Evolving the Placement,
               Density, and Connectivity of Neurons},
  journal   = {Artificial Life},
  volume    = {18},
  number    = {4},
  year      = {2012},
  pages     = {331-363}
}

@article{Perry:1992,
 author = {Perry, Dewayne E. and Wolf, Alexander L.},
 title = {Foundations for the Study of Software Architecture},
 journal = {SIGSOFT Softw. Eng. Notes},
 issue_date = {Oct. 1992},
 volume = {17},
 number = {4},
 month = oct,
 year = {1992},
 issn = {0163-5948},
 pages = {40--52},
 numpages = {13},
 url = {http://doi.acm.org/10.1145/141874.141884},
 doi = {10.1145/141874.141884},
 acmid = {141884},
 publisher = {ACM},
 address = {New York, NY, USA},
}
@PhdThesis{Allen97Thesis,
author = "Robert Allen",
title = "A Formal Approach to Software Architecture",
school = "Carnegie Mellon, School of Computer Science",
year = 1997,
month = "January",
note = "Issued as CMU Technical Report CMU-CS-97-144."
}
@inproceedings{Aldrich:2002,
 author = {Aldrich, Jonathan and Chambers, Craig and Notkin, David},
 title = {ArchJava: Connecting Software Architecture to Implementation},
 booktitle = {Proceedings of the 24th International Conference on Software Engineering},
 series = {ICSE '02},
 year = {2002},
 isbn = {1-58113-472-X},
 location = {Orlando, Florida},
 pages = {187--197},
 numpages = {11},
 url = {http://doi.acm.org/10.1145/581339.581365},
 doi = {10.1145/581339.581365},
 acmid = {581365},
 publisher = {ACM},
 address = {New York, NY, USA},
}

@article{MVC,
  author    = {John Hunt},
  title     = {You've got the model-view-controller},
  journal = {Planet Java}
}
@article{Krasner:1988,
 author = {Krasner, Glenn E. and Pope, Stephen T.},
 title = {A Cookbook for Using the Model-view Controller User Interface Paradigm in Smalltalk-80},
 journal = {J. Object Oriented Program.},
 issue_date = {Aug./Sept. 1988},
 volume = {1},
 number = {3},
 month = aug,
 year = {1988},
 issn = {0896-8438},
 pages = {26--49},
 numpages = {24},
 url = {http://dl.acm.org/citation.cfm?id=50757.50759},
 acmid = {50759},
 publisher = {SIGS Publications},
 address = {Denville, NJ, USA},
}
@inproceedings{Ma:2011,
 author = {Ma, Kin-Keung and Phang, Khoo Yit and Foster, Jeffrey S. and Hicks, Michael},
 title = {Directed Symbolic Execution},
 booktitle = {Proceedings of the 18th International Conference on Static Analysis},
 series = {SAS'11},
 year = {2011},
 isbn = {978-3-642-23701-0},
 location = {Venice, Italy},
 pages = {95--111},
 numpages = {17},
 url = {http://dl.acm.org/citation.cfm?id=2041552.2041563},
 acmid = {2041563},
 publisher = {Springer-Verlag},
 address = {Berlin, Heidelberg},
}
@article{King:76,
 author = {James C. King},
 title = {Symbolic execution and program testing},
 journal = {Communications of the ACM},
 volume = {19},
 number = {7},
 year = {1976},
 pages = {385--394}
 }
@inproceedings{Clarke:76,
 author = {Clarke, Lori A.},
 title = {A program testing system},
 booktitle = {Proc. of the 1976 annual conference},
 series = {ACM '76},
 year = {1976},
 pages = {488--491}
}
@inproceedings{Pasareanu:SPF2010,
 author = {P\u{a}s\u{a}reanu, Corina S. and Rungta, Neha},
 title = {Symbolic {P}ath{F}inder: symbolic execution of {J}ava bytecode},
 booktitle = {ASE},
 year = {2010},
 pages = {179--180},
} 
@inproceedings{Soot,
  author    = {Raja Vall{\'{e}}e{-}Rai and
               Phong Co and
               Etienne Gagnon and
               Laurie J. Hendren and
               Patrick Lam and
               Vijay Sundaresan},
  title     = {Soot - a Java bytecode optimization framework},
  booktitle = {CASCON},
  year      = {1999},
  pages     = {13},
}
